@article{petrov1993controlling,
  title={Controlling chaos in the Belousovâ€”Zhabotinsky reaction},
  author={Petrov, Valery and Gaspar, Vilmos and Masere, Jonathan and Showalter, Kenneth},
  journal={Nature},
  volume={361},
  number={6409},
  pages={240--243},
  year={1993},
  publisher={Nature Publishing Group}
}
@article{turner2009simple,
  title={A simple model of the Belousov-Zhabotinsky reaction from first principles},
  author={Turner, Alasdair},
  year={2009},
  publisher={Bartlett School of Graduate Studies, UCL}
}
@book{ball1996designing,
  title={Designing the molecular world: Chemistry at the frontier},
  author={Ball, Philip},
  volume={117},
  year={1996},
  publisher={Princeton University Press}
}
@article{chen2000mathematical,
  title={A mathematical model for bifurcations in a Belousov--Zhabotinsky reaction},
  author={Chen, Gang},
  journal={Physica D: Nonlinear Phenomena},
  volume={145},
  number={3-4},
  pages={309--329},
  year={2000},
  publisher={Elsevier}
}
@article{mukesh1993modelling,
  title={Modelling of Belousov-Zhabotinskii reaction on a surface},
  author={Mukesh, D},
  journal={Chaos, Solitons \& Fractals},
  volume={3},
  number={3},
  pages={285--293},
  year={1993},
  publisher={Elsevier}
}
@book{lister1995classic,
  title={Classic chemistry demonstrations},
  author={Lister, Ted and O'Driscoll, Catherine and Reed, Neville},
  year={1995},
  publisher={Royal Society of Chemistry}
}
@book{kinoshita2013pattern,
  title={Pattern formations and oscillatory phenomena},
  author={Kinoshita, Shuichi},
  year={2013},
  publisher={Newnes}
}
